@techreport{Hendron2010,
author = {Hendron, Bob and Burch, Jay and Barker, Greg},
institution = {National Renewable Energy Laboratory},
title = {{Tool for Developing Realistic Hot Water Event Schedules}},
url = {https://www.nrel.gov/docs/fy10osti/47685.pdf},
year = {2010}
}

@article{example,
  title     = {An example article entry},
  author    = {First1 Last1 and First2 Last2},
  journal   = {A decent Journal},
  volume    = {X},
  number    = {Y},
  pages     = {pp1--pp2},
  year      = {2056},
  publisher = {Publisher}
}
`
@article{Winkler2020,
  title     = {Impact of installation faults in air conditioners and heat pumps in single-family homes on U.S.~energy usage},
  author    = {Jon Winkler and Saptarshi Das and Lieko Earle and Lena Burkett and Joseph Robertson and David Roberts and Charles Booten},
  journal   = {Applied Energy},
  volume    = {278},
  pages     = {115533},
  year      = {2020},
  publisher = {Elsevier},
  doi       = {https://doi.org/10.1016/j.apenergy.2020.115533},
}


@techreport{Nettleton2012,
author = {Nettleton, G and Edwards, J},
institution = {{NorthernSTAR Building America Partnership, Building Technologies Program, U.S. Department of Energy}},
title = {{Data Collection-Data Characterization Summary}},
year = {2012}
}

@techreport{Ritschard1992,
author = {Ritschard, R.L. and Hanford, J.W. and Sezgen, A.O.},
institution = {Lawrence Berkeley Laboratory},
pages = {LBL-30377},
title = {{Single family heating and cooling requirements: Assumptions, methods, and summary results}},
url = {https://www.osti.gov/biblio/7243112},
year = {1992}
}


@techreport{Gagnon2021,
author = {Gagnon, P. and Frazier, W. and Cole, W. and Hale, E.},
institution = {National Renewable Energy Laboratory},
pages = {NREL/TP--6A40--81611},
title = {{Cambium Documentation: Version 2021}},
url = {https://www.nrel.gov/docs/fy22osti/81611.pdf},
year = {2021}
}

@techreport{Brown2019,
author = {Brown, M. and Cole, W. and Eurek, K. and Becker, J. and Bielen, D. and Chernyakhovskiy, I. and Cohen, S.},
institution = {National Renewable Energy Laboratory},
pages = {NREL/TP--6A20--74111},
title = {{Regional Energy Deployment System (ReEDS) Model Documentation: Version 2019}},
url = {https://www.nrel.gov/docs/fy20osti/74111.pdf},
year = {2020}
}

@techreport{Wilson2014,
author = {Wilson, E. and Engebrecht Metzger, C. and Horowitz, S. and Hendron, R.},
institution = {National Renewable Energy Laboratory},
pages = {NREL/TP--5500--60988},
title = {{2014 Building America House Simulation Protocols}},
url = {https://www.nrel.gov/docs/fy14osti/60988.pdf},
year = {2014}
}

@article{Langevin2020,
author = {Langevin, J. and Reyna, J. L. and Ebrahimigharehbaghi, S. and Sandberg, N. and Fennell, P. and N{\"{a}}geli, C. and Laverge, J. and Delghust, M. and Mata and {Van Hove}, M. and Webster, J. and Federico, F. and Jakob, M. and Camarasa, C.},
doi = {10.1016/j.rser.2020.110276},
file = {:Users/jreyna/Library/Application Support/Mendeley Desktop/Downloaded/Langevin et al. - 2020 - Developing a common approach for classifying building stock energy models.pdf:pdf},
issn = {18790690},
journal = {Renewable and Sustainable Energy Reviews},
keywords = {Building stock energy models,Energy epidemiology,IEA Annex 70,Model classification,Urban building energy modeling},
number = {December 2019},
title = {{Developing a common approach for classifying building stock energy models}},
volume = {133},
year = {2020}
}


@techreport{Wilson2017,
author = {Wilson, Eric and Christensen, Craig and Horowitz, Scott and Robertson, Joseph and Maguire, Jeff and Wilson, Eric and Christensen, Craig and Horowitz, Scott and Robertson, Joseph and Maguire, Jeff},
institution = {National Renewable Energy Laboratory},
keywords = {January 2017,NREL/TP-5500-65667,building stock,buildings,economic potential,end use,energy efficiency,housing,modeling,residential,simulation,technical potential},
mendeley-groups = {NSF Spatial},
pages = {NREL/TP--5500--65667},
title = {{Electric End-Use Energy Efficiency Potential in the U.S. Single-Family Housing Stock}},
url = {https://www.nrel.gov/docs/fy17osti/65667.pdf},
year = {2017}
}

@techreport{Wilson2022,
address = {Golden, CO (United States)},
author = {Wilson, Eric and Parker, Andrew and Fontanini, Anthony and Present, Elaina and Reyna, Janet and Adhikari, Rajendra and Bianchi, Carlo and CaraDonna, Christopher and Dahlhausen, Matthew and Kim, Janghyun and LeBar, Amy and Liu, Lixi and Praprost, Marlena and Zhang, Liang and DeWitt, Peter and Merket, Noel and Speake, Andrew and Hong, Tianzhen and Li, Han and Frick, Natalie and Wang, Zhe and Blair, Aileen and Horsey, Henry and Roberts, David and Trenbath, Kim and Adekanye, Oluwatobi and Bonnema, Eric and {El Kontar}, Rawad and Gonzalez, Jonathan and Horowitz, Scott and Jones, Dalton and Muehleisen, Ralph and Platthotam, Siby and Reynolds, Matthew and Robertson, Joseph and Sayers, Kevin and Li, Qu},
doi = {10.2172/1854582},
institution = {National Renewable Energy Laboratory (NREL)},
month = {3},
title = {{End-Use Load Profiles for the U.S. Building Stock: Methodology and Results of Model Calibration, Validation, and Uncertainty Quantification}},
url = {https://www.osti.gov/servlets/purl/1854582/},
year = {2022}
}

@techreport{Wilcox2008,
address = {Golden, CO},
author = {Wilcox, S. and Marion, W.},
institution = {National Renewable Energy Laboratory},
title = {{Users Manual for TMY3 Data Sets}},
url = {https://www.nrel.gov/docs/fy08osti/43156.pdf},
year = {2008}
}

@misc{Bianchi2021,
author = {Bianchi, Carlo and Fontanini, Anthony},
booktitle = {NREL Data Catalog},
doi = {10.7799/1756695},
title = {{TMY3 Weather Data for ComStock and ResStock}},
year = {2021}
}

@misc{eia_recs2024,
institution = {{U.S. Energy Information Administration}},
author = {{U.S. Energy Information Administration}},
title = {{RECS Terminology}},
url = {https://www.eia.gov/consumption/residential/terminology.php#h},
year = {2024}
}

@misc{BigLadderSoftware2015,
author = {{Big Ladder Software}},
title = {{EnergyPlus Weather File (EPW) Data Dictionary}},
url = {https://bigladdersoftware.com/epx/docs/8-3/auxiliary-programs/energyplus-weather-file-epw-data-dictionary.html},
urldate = {July 17, 2024},
year = {2015}
}

@phdthesis{Xing2014,
author = {Xing, Lu},
school = {Oklahoma State University},
title = {{Estimations of undisturbed ground temperatures using numerical and analytical modeling}},
url = {https://shareok.org/bitstream/handle/11244/15208/Xing_okstate_0664D_13659.pdf;jsessionid=B5F9178909D3631F0CCE74C1AA4F033D?sequence=1},
year = {2014}
}

@article{Chen2022,
  title     = {Stochastic simulation of occupant-driven energy use in a bottom-up residential building stock model},
  author    = {Jianli Chen and Rajendra Adhikari and Eric Wilson and Joseph Robertson and Anthony Fontanini and Ben Polly and Opeoluwa Olawale},
  journal   = {Applied Energy},
  volume    = {325},
  number    = {1},
  pages     = {119890},
  year      = {2022},
  publisher = {Elsevier},
  doi       = {https://doi.org/10.1016/j.apenergy.2022.119890},
}

@article{parker2015_hot_water,
    author = {Danny S Parker and Philip W Fairey},
    title = {Estimating daily domestic hot-water use in North American homes},
    journal = {ASHRAE Conference},
    year = {2015},
    url = {http://www.fsec.ucf.edu/en/publications/pdf/fsec-pf-464-15.pdf}
}

@article{tank_model_parameters,
    author = {Jeff Maguire and David Roberts},
    title = {Deriving SimulationParameters for Storage-Type Water Heaters Using Ratings Data Produced from the Uniform Energy Factor Test Procedure},
    journal = {Building Performance Analysis Conference \& SimBuild },
    year = {2020},
    url = {https://www.nrel.gov/docs/fy21osti/71633.pdf}
}

@misc{aspe_2019_fpl,
    author = {ASPE},
    title = {Office of the Assistant Secretary For Planning and Evaluation: 2019 Poverty Guidelines},
    url = {https://aspe.hhs.gov/topics/poverty-economic-mobility/poverty-guidelines/prior-hhs-poverty-guidelines-federal-register-references/2019-poverty-guidelines},
    year = {n.d.},
    note = {Accessed 09/06/2024},
}

@misc{aspe_fpl_use,
    author = {ASPE},
    title = {Office of the Assistant Secretary For Planning and Evaluation: Frequently Asked Questions Related to the Poverty Guidelines and Poverty},
    url = {https://aspe.hhs.gov/topics/poverty-economic-mobility/poverty-guidelines/frequently-asked-questions-related-poverty-guidelines-poverty},
    year = {n.d.},
    note = {Accessed 09/06/2024},
}

@article{drehobl2020_energy_burden,
    author = {Ariel Drehobl and Lauren Ross and Roxana Ayala},
    title = {How high are household energy burdens? An assessment of national and metropolitan energy burden across the United States},
    journal = {ACEEE},
    year = {2020},
    url = {https://www.aceee.org/sites/default/files/pdfs/u2006.pdf}
}

@misc{hud2019_inc_lim_method,
    author = {{Department of Housing and Urban Development}},
    title = {Department of Housing and Urban Development: Methodology for Determining Section 8 Income Limits},
    year = {2019},
    url = {https://www.huduser.gov/portal/datasets/il//il19/IncomeLimitsMethodology-FY19.pdf},
}

@book{ansi_resnet_301_2019,
    author = {{International Code Council}},
    title ={2019 ANSI/RESNET/ICC 2301 Standard for the Calculation and Labeling of the Energy Performance of Dwelling and Sleeping Units using an Energy Rating Index},
    publisher = {International Code Council},
    year = {2019},
    url = {https://codes.iccsafe.org/content/RESNET3012019P1},
}

@techreport{bahsp_2010,
    author = {Robert Hendron and Cheryn Engebrecht},
    title = {Building America House Simulation Protocols},
    institution = {US DOE: Office of Energy Efficiency and Renewable Energy},
    year = {2010},
    url = {https://www1.eere.energy.gov/buildings/publications/pdfs/building_america/house_simulation.pdf}
}

@techreport{bahsp_2014,
    author = {E Wilson and C Engebrecht Metzger and S Horowitz and R Hendron},
    title = {2014 Building America House Simulation Protocols},
    institution = {National Renewable Energy Laboratory},
    year = {2014},
    url = {https://www.nrel.gov/docs/fy14osti/60988.pdf}
}


@techreport{Reyna2022,
    address = {Golden, CO},
    author = {Reyna, J. and Wilson, E. and Parker, A. and Satre-Meloy, A. and Egerter, A. and Bianchi, C. and Praprost, M. and Speake, A. and Liu, L. and Horsey, R. and Dahlhausen, M. and CaraDonna, C. and S. Rothgeb},
    institution = {National Renewable Energy Laboratory},
    title = {{U.S. Building Stock Characterization Study: A National Typology for Decarbonizing U.S. Buildings}},
    url = {https://www.nrel.gov/docs/fy24osti/88109.pdf},
    year = {2024}
}

@techreport{Present2024,
    address = {Golden, CO},
    author = {Present, E. and White, P. R. and Harris, C. and Adhikari, R. and Lou, Y. and Liu, L. and Fontanini, A. and Moreno, C. and Robertson, J. and J. Maguire},
    institution = {National Renewable Energy Laboratory},
    title = {{ResStock Dataset 2024.1 Documentation}},
    url = {https://www.nrel.gov/docs/fy24osti/88109.pdf},
    year = {2024}
}

@misc{Present2022,
    author = {Present, E. and White, P.R. and Adhikari, R. and Merket, N. and Wilson, E. and A. Fontanini},
    title = {End-Use Savings Shapes Public Dataset Release for Residential Round 1},
    year = {2022},
    url = {https://www.nrel.gov/buildings/assets/pdfs/euss-resround1-webinar.pdf}
}

@article{nsrdb,
    author = {Sengupta, M. and Xie, Y. and Lopez, A. and Habte, A. and Maclaurin, G. and J. Shelby},
    title = {The National Solar Radiation Data Base (NSRDB)},
    journal = {Renewable and Sustainable Energy Reviews},
    year = {2018},
    url = {https://www.sciencedirect.com/science/article/pii/S136403211830087X}
}

@techreport{pvwatts_doc,
    author = {Aron Dobos},
    title = {PVWatts Version 5 Manual},
    institution = {National Renewable Energy Laboratory},
    year = {2014},
    url = {https://www.nrel.gov/docs/fy14osti/62641.pdf},
}

@misc{URDB,
    author = {Utility Rate Database},
    title = {Utility Rate Database},
    url = {https://openei.org/wiki/Utility_Rate_Database}
}

@misc{ISD,
    author = {Integrated Surface Database},
    title = {Integraetd Surface Database},
    url = {https://www.ncei.noaa.gov/products/land-based-station/integrated-surface-database}
}

@misc{eGRID,
    author = {{US EPA}},
    title = {Emissions \& Generation Resource Integrated Database (eGRID)},
    url = {https://www.epa.gov/egrid}
}

@techreport{Cambium2023,
    author = {Gagnon, P. and Perez, P. A. S. and Obika, K. and Schwarz, M. and Morris, J. and Gu, J. and Eisnman, J.},
    title = {Cambium 2023 Scenario Descriptions and Documentation},
    institution = {National Renewable Energy Laboratory},
    year = {2024},
    url = {https://www.nrel.gov/docs/fy24osti/88507.pdf},
}

@misc{RESNET2022,
    author = {RESNET},
    title = {PDS-01, BSR/RESNET/ICC 301-2022 Addendum B, CO2 Index.},
    year = {2022},
    url = {https://www.resnet.us/wp-content/uploads/FS_301-2022AdndmB_v.2-1.pdf}
}

@misc{PUMS,
    author = {Steven Ruggles and Sarah Flood and Ronald Goeken and Megan Schouweiler and Matthew Sobek},
    title = {PUMS USA: Version 12.0 [dataset]},
    year = {2022},
    url = {https://doi.org/10.18128/D010.V11.0}
}

@misc{AHS,
    author = {{U.S. Census}},
    title = {American Housing Survey},
    year = {2022},
    url = {https://www.census.gov/programs-surveys/ahs.html}
}


@techreport{RECS2020,

address = {Washington, D.C.},
institution = {{U.S. Energy Information Administration}},
author = {{U.S. Energy Information Administration}},
title = {{Residential Buildings Energy Consumption Survey (RECS), 2020}},
url = {https://www.eia.gov/consumption/residential/data/2020/},
year = {2020}
}

@techreport{MER2023,

address = {Washington, D.C.},
institution = {{U.S. Energy Information Administration}},
author = {{U.S. Energy Information Administration}},
title = {{Monthly Energy Review, 2023, Table 7.6}},
url = {https://www.eia.gov/totalenergy/data/monthly/index.php#electricity},
year = {2023}
}

}

@misc{RBSA,
    author = {NEEA},
    title = {2022 Residential Building Stock Assessment - Methods Report},
    year = {2024},
    url = {https://neea.org/img/documents/2022-Residential-Building-Stock-Assessment-Methods-Report.pdf}
}

@techreport{LBNLTTS2019,
author = {Barbose, Galen and Darghouth, Niam},
institution = {Lawrence Berkeley National Laboratory},
title = {{Tracking the Sun: Pricing and Design Trends for Distributed Photovoltaic Systems in the United States}},
url = {https://live-lbl-eta-publications.pantheonsite.io/sites/default/files/tracking_the_sun_2019_report.pdf},
year = {2019}
}

@techreport{WoodsMackenzie2020,
author = {{Woods Mackenzie}},
title = {{Solar PV module technology market report 2020}},
url = {https://www.woodmac.com/reports/power-markets-solar-pv-module-technology-market-report-2020-443274/},
year = {2020}
}

@misc{2022IRA,
    author = {U.S. Congress},
    title = {Inflation Reduction Act of 2022, Pub. L. No. 117-169, §50122.},
    url = {https://www.congress.gov/bill/117th-congress/house-bill/5376/text},
    year = {2022},
    note = {Accessed 10/07/2024},
}